<record><leader>00000cas a2200000 a 4500</leader><controlfield tag="001">15900960</controlfield><controlfield tag="008">870611d18uu192uiluwr ne      0   a0eng c</controlfield><datafield ind1=" " ind2=" " tag="010"><subfield code="a">sn 87082805 </subfield></datafield><datafield ind1=" " ind2=" " tag="040"><subfield code="a">NPV</subfield><subfield code="b">eng</subfield><subfield code="c">NPV</subfield><subfield code="d">NVF</subfield><subfield code="d">OCLCF</subfield><subfield code="d">NVF</subfield><subfield code="d">OCLCO</subfield></datafield><datafield ind1="1" ind2=" " tag="029"><subfield code="a">AU@</subfield><subfield code="b">000020473853</subfield></datafield><datafield ind1=" " ind2=" " tag="042"><subfield code="a">pcc</subfield></datafield><datafield ind1=" " ind2=" " tag="043"><subfield code="a">n-us-il</subfield></datafield><datafield ind1="0" ind2="4" tag="245"><subfield code="a">The Manito express.</subfield></datafield><datafield ind1="1" ind2="3" tag="246"><subfield code="a">Express</subfield></datafield><datafield ind1=" " ind2=" " tag="260"><subfield code="a">Manito, Ill. :</subfield><subfield code="b">E.E. Lincoln</subfield></datafield><datafield ind1="2" ind2=" " tag="260"><subfield code="3">&lt;Mar. 27, 1902-Sept. 15, 1904&gt;</subfield><subfield code="a">Manito, Ill. :</subfield><subfield code="b">S. A. Diehl</subfield></datafield><datafield ind1="2" ind2=" " tag="260"><subfield code="3">&lt;May 21, 1908-May 27, 1926&gt;</subfield><subfield code="a">Manito, Ill. :</subfield><subfield code="b">Charles O. Shoop</subfield></datafield><datafield ind1="3" ind2=" " tag="260"><subfield code="3">&lt;Aug. 20, 1926&gt;</subfield><subfield code="a">Manito, Ill. :</subfield><subfield code="b">Fred D. Ferguson</subfield></datafield><datafield ind1=" " ind2=" " tag="300"><subfield code="a">v.</subfield></datafield><datafield ind1=" " ind2=" " tag="310"><subfield code="a">Weekly</subfield></datafield><datafield ind1=" " ind2=" " tag="500"><subfield code="a">"A community newspaper devoted to the news of Manito, Forest City and Green Valley communities."</subfield></datafield><datafield ind1=" " ind2=" " tag="515"><subfield code="a">Some issues lack page numbering.</subfield></datafield><datafield ind1=" " ind2=" " tag="525"><subfield code="a">Has occasional supplements.</subfield></datafield><datafield ind1=" " ind2=" " tag="588"><subfield code="a">Description based on: Vol. 11, no. 28 (Jan. 9, 1902).</subfield></datafield><datafield ind1=" " ind2=" " tag="588"><subfield code="a">Latest issue consulted: 36th year, no. 9 (Aug. 20, 1926).</subfield></datafield><datafield ind1=" " ind2="0" tag="651"><subfield code="a">Manito (Ill.)</subfield><subfield code="v">Newspapers.</subfield></datafield><datafield ind1=" " ind2="0" tag="651"><subfield code="a">Forest City (Ill.)</subfield><subfield code="v">Newspapers.</subfield></datafield><datafield ind1=" " ind2="0" tag="651"><subfield code="a">Green Valley (Ill.)</subfield><subfield code="v">Newspapers.</subfield></datafield><datafield ind1=" " ind2="7" tag="651"><subfield code="a">Illinois</subfield><subfield code="z">Forest City.</subfield><subfield code="2">fast</subfield><subfield code="0">(OCoLC)fst01885018</subfield></datafield><datafield ind1=" " ind2="7" tag="651"><subfield code="a">Illinois</subfield><subfield code="z">Green Valley.</subfield><subfield code="2">fast</subfield><subfield code="0">(OCoLC)fst01290695</subfield></datafield><datafield ind1=" " ind2="7" tag="651"><subfield code="a">Illinois</subfield><subfield code="z">Manito.</subfield><subfield code="2">fast</subfield><subfield code="0">(OCoLC)fst01238827</subfield></datafield><datafield ind1=" " ind2="7" tag="655"><subfield code="a">Newspapers.</subfield><subfield code="2">fast</subfield><subfield code="0">(OCoLC)fst01423814</subfield></datafield><datafield ind1=" " ind2=" " tag="752"><subfield code="a">United States</subfield><subfield code="b">Illinois</subfield><subfield code="c">Mason</subfield><subfield code="d">Manito.</subfield></datafield><datafield ind1="0" ind2="0" tag="780"><subfield code="t">Express (Manito, Ill.)</subfield><subfield code="w">(DLC)sn 92054440</subfield><subfield code="w">(OCoLC)25113974</subfield></datafield><datafield ind1="0" ind2="0" tag="785"><subfield code="t">Manito community express</subfield><subfield code="w">(DLC)sn 92054441</subfield><subfield code="w">(OCoLC)25114007</subfield></datafield></record>